<?xml version="1.0" encoding="UTF-8"?><collection xmlns="http://www.loc.gov/MARC21/slim"><record><leader>00295nam--2200121-i-4500</leader><controlfield tag="001">000043870</controlfield><controlfield tag="002">20161230</controlfield><controlfield tag="005">20161230201044</controlfield><controlfield tag="008">060222s1000------------r-----000-0-eng-d</controlfield><datafield ind1=" " ind2=" " tag="100"><subfield code="a">Su, Kendall L</subfield></datafield><datafield ind1=" " ind2=" " tag="245"><subfield code="a">Active network synthesis</subfield></datafield><datafield ind1=" " ind2=" " tag="260"><subfield code="a">New York, Mcgrw-hill, 1965, Xiv+369p</subfield></datafield><datafield ind1=" " ind2=" " tag="852"><subfield code="a">23803</subfield></datafield></record></collection>